<?xml version="1.0" encoding="UTF-8"?><collection xmlns="http://www.loc.gov/MARC21/slim"><record><leader>00392nam--2200133-i-4500</leader><controlfield tag="001">000001391</controlfield><controlfield tag="002">20161230</controlfield><controlfield tag="005">20161230201024</controlfield><controlfield tag="008">060222s1000------------r-----000-0-eng-d</controlfield><datafield ind1=" " ind2=" " tag="080"><subfield code="a">621.38(043)</subfield></datafield><datafield ind1=" " ind2=" " tag="100"><subfield code="a">Godart,Jean</subfield></datafield><datafield ind1=" " ind2=" " tag="245"><subfield code="a">Etude experimentale d un interrupteur hyperfrequence utilisant une diode a gaz a cathode  chaude.these</subfield></datafield><datafield ind1=" " ind2=" " tag="260"><subfield code="a">Paris, Universite, 1962. 64 P</subfield></datafield><datafield ind1=" " ind2=" " tag="852"><subfield code="a">77018</subfield></datafield></record></collection>